416137cb9c1cbea92912f232d32a38e7