1ab5c1fe35d500c85c1c5062aa8173b2