c8451c887352177a6b066e4d353fc627