
@TechReport{SwerissenDuckett-2016-Chronic-failure-primary-care,
  author       = {Swerissen, Hal and Duckett, Stephen and Wright, Jo},
  title        = {Chronic failure in primary care},
  date         = {2016-03-06},
  institution  = {Grattan Institute},
  number       = {Report No. 2016-2},
  url          = {https://grattan.edu.au/report/chronic-failure-in-primary-care/},
}
