@TechReport{DOT-2017-Origin-Dest-Survey,
  author      = {{US Bureau of Transportation Statistics}},
  title       = {Origin and Destination Survey: DB1B, 2017-Q1},
  institution = {United States Department of Transportation},
  date        = {2017-11-29},
  url         = {https://www.transtats.bts.gov/},
}

@TechReport{ABS-2017-Count-of-Australian-businesses,
  author      = {ABS},
  title       = {Counts of Australian Businesses, including Entries and Exits, Jun 2012 to Jun 2016},
  date        = {2017-02-21},
  url         = {http://www.abs.gov.au/ausstats/abs@.nsf/mf/8165.0},
  institution = {Australian Bureau of Statistics},
  note        = {Cat. 8165.0},
}

@Misc{APRA2017MonthlyBankingStatistics,
  author      = {{APRA}},
  title       = {Back series of Monthly Banking Statistics},
  year        = {2017},
  note        = {Australian Prudential Regulation Authority},
  url         = {http://www.apra.gov.au/adi/publications/pages/monthly-banking-statistics.aspx},
}

@Article{Forexfees2017,
  author      = {{The Australian}},
  title       = {Big four banks reap billions in fees},
  date        = {2017-10-02},
  journal     = {The Australian},
  url         = {http://www.theaustralian.com.au/business/financial-services/big-four-banks-reap-billions-in-hidden-foreign-exchange-fees/news-story/8a5119da897398c67b0626e3378763c2},
}

@Misc{Econtoohigh2016,
  author      = {{The Economist}},
  date        = {2016-04-16},
  title       = {Too much of a good thing: Profits are too high. America needs a giant dose of competition},
  url         = {https://www.economist.com/news/briefing/21695385-profits-are-too-high-america-needs-giant-dose-competition-too-much-good-thing},
}


@Article{Caronpenalties2017,
  author      = {Caron Beaton-Wells},
  date        = {2017-06-02},
  journal     = {The Conversation},
  title       = {Cartels caught ripping off Australian consumers should be hit with bigger fines},
  url         = {https://theconversation.com/cartels-caught-ripping-off-australian-consumers-should-be-hit-with-bigger-fines-78750},
}

@Misc{EconData2017,
  author      = {{The Economist}},
  date        = {2017-05-17},
  title       = {The worldâ€™s most valuable resource is no longer oil, but data},
  url         = {https://www.economist.com/news/leaders/21721656-data-economy-demands-new-approach-antitrust-rules-worlds-most-valuable-resource},
}

@Misc{EconPricebots2017,
  author      = {{The Economist}},
  date        = {2017-05-06},
  title       = {Price-bots can collude against consumers},
  url         = {https://www.economist.com/news/finance-and-economics/21721648-trustbusters-might-have-fight-algorithms-algorithms-price-bots-can-collude},
}



@Book{LaffontTiroleTheory1993,
  title       = {A Theory of Incentives in Procurement and Regulation},
  author      = {Laffont, Jean-Jacques and Tirole, Jean},
  year        = {1993},
  publisher   = {The MIT Press},
  url         = {https://EconPapers.repec.org/RePEc:mtp:titles:0262121743},
}

@Misc{Econ_probprofits2016,
  author      = {{The Economist}},
  date        = {2016-03-26},
  title       = {The problem with profits},
  url         = {https://www.economist.com/news/leaders/21695392-big-firms-united-states-have-never-had-it-so-good-time-more-competition-problem},
}

@Misc{Econsuperstar2016,
  author      = {{The Economist}},
  date        = {2016-09-17},
  title       = {The rise of the superstars},
  url         = {http://www.economist.com/sites/default/files/20160917_companies.pdf},
}

@Article{FT_Silicon_2016,
  author      = {Rana Foroohar},
  title       = {Silicon Valley has too much power},
  date        = {2017-05-15},
  journal     = {Financial Times},
  url         = {https://www.ft.com/content/60a49086-3714-11e7-bce4-9023f8c0fd2e},
}

@Article{Harford_Facebook_2017,
  author      = {Tim Harford},
  title       = {A way to poke Facebook off its uncontested perch},
  date        = {2017-11-03},
  journal     = {Financial Times},
  url         = {https://www.ft.com/content/f17202d2-be60-11e7-9836-b25f8adaa111},
}

@Article{FT_Japan_competition_2017,
  author      = {Robin Harding},
  title       = {Japan considers tough anti-monopoly rules on data},
  date        = {2017-07-16},
  journal     = {Financial Times},
  url         = {https://www.ft.com/content/a2e4f05c-66ae-11e7-8526-7b38dcaef614},
}


@Article{Zingales_portability_2017,
  author      = {Luigi Zingales and Guy Rolnick},
  title       = {A way to own your social-media data},
  date        = {2017-06-30},
  journal     = {New York Times},
  url         = {https://www.nytimes.com/2017/06/30/opinion/social-data-google-facebook-europe.html},
}


@Article{FT_GoogleEU_2016,
  author      = {Martin Sandbu},
  title       = {EU 2.4 billion fine on Google was justified, but it is only a start},
  date        = {2017-06-29},
  journal     = {Financial Times},
  url         = {https://www.ft.com/content/2f15b832-5cb8-11e7-b553-e2df1b0c3220},
}

@TechReport{AutorDorn2017,
  title       = {The Fall of the Labor Share and the Rise of Superstar Firms},
  author      = {Autor, David and Dorn, David and Katz, Lawrence and Patterson, Christina and van Reenen, John},
  year        = {2017},
  institution = {National Bureau of Economic Research, Inc},
  number      = {23396},
  url         = {http://EconPapers.repec.org/RePEc:nbr:nberwo:23396},
}

@Article{PersistDixon1983,
  author      = {Dixon, R. J.},
  journal     = {Journal of Industrial Economics},
  number      = {1},
  pages       = {25--37},
  title       = {Industry Structure and the Speed of Price Adjustment.},
  volume      = {32},
  year        = {1983},
}

@Article{PersistWorthington1989,
  author      = {Worthington, Paula R.},
  journal     = {Journal of Industrial Economics},
  number      = {2},
  pages       = {235--238},
  title       = {On the Distinction between Structure and Conduct: Adjustment Costs, Concentration, and Price Behavior.},
  volume      = {38},
  year        = {1989},
}


@Article{DemsetzBarriersAER1982,
  author      = {Harold Demsetz},
  title       = {Barriers to Entry},
  journal     = {American Economic Review},
  year        = {1982},
  pages       = {47-57},
  volume      = {72},
}

@Misc{CarltonBarriers2005,
  author      = {Dennis Carlton},
  title       = {Barriers to Entry},
  year        = {2005},
  note        = {NBER Working Paper No. 11645},
  url         = {http://www.nber.org/papers/w11645},
}


@TechReport{BattersbyDistance2006,
  author      = {Bryn Battersby},
  title       = {Does Distance Matter? The Effect of Geographic Isolation on Productivity Levels},
  year        = {2006},
  institution = {Treasury Working Paper (Australian Treasury), 2006-03},
}


@TechReport{DolmanAusUSProd2007,
  author      = {Ben Dolman and Dean Parham and Simon Zheng},
  title       = {Can Australia Match US Productivity Performance?},
  year        = {2007},
  institution = {Productivity Commission},
  note        = {Staff Working Paper},
  url         = {http://www.pc.gov.au/research/supporting/australia-match-usa},
}

@Article{PersistJacobsen1988,
  url         = {http://www.jstor.org/stable/2485953},
  author      = {Robert Jacobsen},
  journal     = {Strategic Management Journal},
  number      = {5},
  pages       = {415-430},
  publisher   = {Wiley},
  title       = {The Persistence of Abnormal Returns},
  volume      = {9},
  year        = {1988},
}

@Article{PersistSpain2007,
  url         = {http://www.jstor.org/stable/20142473},
  author      = {Juan Carlos Bou and Albert Satorra},
  journal     = {Strategic Management Journal},
  number      = {7},
  pages       = {707-722},
  publisher   = {Wiley},
  title       = {The Persistence of Abnormal Returns at Industry and Firm Levels: Evidence from Spain},
  volume      = {28},
  year        = {2007},
}

@Misc{grullon2016us,
  title       = {Are US Industries Becoming More Concentrated?},
  author      = {Grullon, Gustavo and Larkin, Yelena and Michaely, Roni},
  note        = {Unpublished Working Paper},
  year        = {2016},
}

@Misc{EquitSteroids2017,
  author      = {Gene Kimmelman and Mark Cooper},
  title       = {A communications oligopoly on steroids: why antitrust enforcement and regulatory oversight in digital communications matter},
  date        = {2017-07-17},
  url         = {http://equitablegrowth.org/report/a-communications-oligopoly-on-steroids/},
}

@Misc{IBISWorldIndustry2017,
  author      = {{IBISWorld}},
  title       = {Industry Reports},
  year        = {2017},
  url         = {https://www.ibisworld.com.au/industry-trends/market-research-reports/},
}

@Misc{IBISWorldCompany2017,
  author      = {{IBISWorld}},
  title       = {Company Research},
  year        = {2017},
  url         = {https://www.ibisworld.com.au/australian-company-research-reports/},
}

@Misc{ESC-ports-2014,
  author      = {{Essential Services Commission}},
  title       = {Review of Victorian Ports Regulation 2014},
  year        = {2014},
  url         = {https://www.esc.vic.gov.au/project/transport/ports/2148-review-of-victorian-ports-regulation-2014/},
}

@Misc{Vic-gaming-machine-2017,
  author      = {{Victorian Commission for Gambling and Liquor Regulation}},
  title       = {Announcement regarding gaming machine arrangements},
  year        = {2018},
  url         = {https://www.vcglr.vic.gov.au/news/announcement-regarding-gaming-machine-arrangements},
}

@Misc{QLD-ports-2017,
  author      = {{Queensland Competition Authority}},
  title       = {Port regulation overview},
  year        = {2017},
  url         = {http://www.qca.org.au/Ports},
}

@Misc{ABS2016SystemNationalAccounts,
  author      = {{ABS}},
  title       = {Australian System of National Accounts, 2015-16},
  year        = {2016},
  note        = {cat. no. 5204.0. Accessed 28 July 2017. Australian Bureau of Statistics},
  url         = {http://www.abs.gov.au/ausstats/abs@.nsf/mf/5204.0},
}

@Misc{ABS2017SystemNationalAccounts,
  author      = {{ABS}},
  title       = {Australian System of National Accounts, 2016-17},
  year        = {2017},
  note        = {cat. no. 5204.0. Accessed 21 November 2017. Australian Bureau of Statistics},
  url         = {http://www.abs.gov.au/ausstats/abs@.nsf/mf/5204.0},
}

@Misc{CEAcompetitionbriefmay2016, 
  author      = {{White House Council of Economic Advisers}}, 
  title       = {Benefits of competition and indicators of market power},
  year        = {2016},
  url         = {https://obamawhitehouse.archives.gov/sites/default/files/page/files/20160502_competition_issue_brief_updated_cea.pdf}, 
}   

@Misc{grullon_larkin_michaely_2015, 
  author      = {Grullon, Gustavo and Larkin, Yelena and Michaely, Roni}, 
  title       = {Are US Industries Becoming More Concentrated?},
  year        = {2015},
  url         = {https://papers.ssrn.com/sol3/papers.cfm?abstract_id=2612047}, 
}   

@Misc{Morningstar2017,
  author      = {{Morningstar}},
  title       = {DatAnalysis Premium},
  year        = {2017},
  url         = {http://datanalysis.morningstar.com.au/},
}

@Misc{RoyMorgan2017SingleSource,
  author      = {{Roy Morgan}},
  title       = {Roy Morgan Single Source (Australia), December 2005 to March 2017},
  year        = {2017},
  note        = {Base: Australian grocery buyers 14+, weighted to households},
  url         = {http://www.roymorgan.com/products/single-source},
}

@Misc{Leigh-2016-Markets&Monopolies,
  title       = {Markets, Monopolies and Moguls: the relationship between inequality and competition},
  author      = {Andrew Leigh},
  date        = {2016-05-19},
  url         = {http://www.andrewleigh.com/markets_monopolies_moguls_speech},
}

@Article{Leigh-Triggs-Huff-2017,
  title       = {It's time to put markets ahead of monopolies},
  author      = {Leigh, Andrew and Triggs, Adam},
  date        = {2017-01-06},
  journal     = {Huffington Post},
  url         = {http://www.huffingtonpost.com.au/andrew-leigh/its-time-to-put-markets-ahead-of-monopolies_a_21647051/},
}

@Article{Leigh-triggs-AER,
  author      = {Leigh, Andrew and Triggs, Adam},
  issn        = {0004-9018},
  journal     = {Australian Economic Review},
  keywords    = {Internet service provider, Marketing research, Equality, Internet service providers, Monopolies, Baby foods industry},
  number      = {4},
  pages       = {389},
  title       = {Markets, Monopolies and Moguls: The Relationship between Inequality and Competition.},
  year        = {2016},
}


@Misc{Gans-2005-Confusopoly,
  author      = {Joshua Gans},
  title       = {Real Consumers and Telco Choice: The Road to Confusopoly},
  date        = {2005},
  note        = {Presentation to the Australian Telecommunications Summit, Sydney, November 2005},
  url         = {https://www.scribd.com/presentation/25355523/The-Road-to-Confusopoly},
}

@Misc{Sims-2016-Keynote-RBB-Concentration,
  author      = {Rod Sims},
  title       = {Is Australia's economy getting more concentrated and does this matter?},
  date        = {2016-10-27},
  note        = {Address to the RBB Economics Conference 2016, Sydney},
  url         = {https://www.accc.gov.au/speech/keynote-address-rbb-economics-conference-0},
}


@Misc{Sims-2016-Privatisation-Regulation,
  author      = {Rod Sims},
  title       = {Privatisation needs smarter regulation},
  note        = {Comments made at the Melbourne Economic Forum},
  date        = {2016-07-26},
  url         = {https://www.accc.gov.au/media-release/privatisation-needs-smarter-regulation},
}


@Misc{Sims-2016-Keynote-Gas,
  author      = {Rod Sims},
  title       = {Address to the Australian Domestic Gas Outlook Conference 2016, Sydney},
  date        = {2016-03-09},
  url         = {https://www.accc.gov.au/speech/keynote-address-observations-on-the-east-australian-gas-market},
}

@Book{EzrachiVirtual,
  author      = {Ariel Ezrachi and Maurice E. Stucke},
  title       = {Virtual Competition: The Promise and Perils of the Algorithm-Driven Economy},
  year        = {2016},
  address     = {Cambridge},
  publisher   = {Harvard University Press},
}

@Misc{Philippon2017,
  author      = {GermÃ¡n GutiÃ©rrez and Thomas Philippon},
  title       = {Declining Competition and Investment in the U.S.},
  year        = {2017},
  note        = {NBER Working Paper No. 23583},
  url         = {http://www.nber.org/papers/w23583},
}

@Misc{ACCC2016TelecommunicationsReports,
  author      = {{ACCC}},
  title       = {ACCC telecommunications report},
  year        = {2016},
  note        = {Australian Competition and Consumer Commission. Reports from 2000-01 to 2015-16},
  url         = {https://www.accc.gov.au/publications/accc-telecommunications-report},
}

@Article{Ritter-Guardian-2013,
  title       = {Australia, land of market domination},
  author      = {David Ritter},
  date        = {2013-08-27},
  journal     = {The Guardian},
  url         = {https://www.theguardian.com/commentisfree/2013/aug/27/australia-power-duopoly},
}



@Misc{FSI-2014,
  author      = {{Australian Treasury}},
  title       = {Financial System Inquiry: Final Report},
  year        = {2014},
  url         = {http://fsi.gov.au/files/2014/12/FSI_Final_Report_Consolidated20141210.pdf},
  }
  
    
@Misc{Treasury-openbanking-2017,
  author      = {{Australian Treasury}},
  title       = {Review into open banking in Australia},
  year        = {2017},
  url         = {https://treasury.gov.au/review/review-into-open-banking-in-australia/},
  }
  
  @TechReport{OECDBarriers2007,
  author      = {{OECD}},
  title       = {Competition and Barriers to Entry},
  year        = {2007},
  institution = {Organisation for Economic Cooperation and Development},
  note        = {Policy Brief},
  url         = {http://www.oecd.org/competition/mergers/37921908.pdf1},
}
  
  @Misc{OECD-VA-2017,
  author      = {{OECD}},
  title       = {Value added by activity (indicator)},
  year        = {2017},
  url         = {doi: 10.1787/a8b2bd2b-en},
}

  @Misc{OECD-Algorithm-2017,
  author      = {{OECD}},
  title       = {Algorithms and Collusion: Competition Policy in the Digital Age},
  year        = {2017},
  url         = {http://www.oecd.org/competition/algorithms-collusion-competition-policy-in-the-digital-age.htm},
}

@Article{Sherter-CBS-2009,
  title       = {Bank Mergers and the 'Curse of Bigness'},
  author      = {Alain Sherter},
  date        = {2009-09-10},
  journal     = {CBS News},
  url         = {https://www.cbsnews.com/news/bank-mergers-and-the-curse-of-bigness/},
}

@Article{Neely-1994,
  title       = {Going Interstate: A New Dawn For U.S. Banking},
  author      = {Michelle Clark Neely},
  date        = {1994-07},
  journal     = {Regional Economist},
  url         = {https://www.stlouisfed.org/publications/regional-economist/july-1994/going-interstate-a-new-dawn-for-us-banking},
}

@Misc{FDIC-bank-US,
  title       = {Deposit Market Share Reports - Summary of Deposits},
  author      = {{FDIC}},
  date        = {2017-06-30},
  url         = {https://www5.fdic.gov/sod/sodmarketbank.asp?baritem=2},
}

@Misc{ACCC-grocery-2008,
  title       = {Report of the ACCC inquiry into the competitiveness of retail prices for standard groceries},
  author      = {{ACCC}},
  date        = {2008-08-05},
  url         = {https://www.accc.gov.au/publications/report-of-the-accc-inquiry-into-the-competitiveness-of-retail-prices-for-standard-groceries-july-2008},
}

@Misc{HEB-Statesman-2016,
  title       = {Grocery giants: Does Texas belong to H-E-B or Walmart?},
  author      = {Amanda O'Donnell},
  date        = {2016-06-01},
  url         = {http://austin.blog.statesman.com/2016/05/31/grocery-giants-does-texas-belong-to-h-e-b-or-walmart/},
}

@TechReport{WoodBlowers-2017-price-shock,
  author      = {Tony Wood and David Blowers},
  title       = {Price shock: Is the retail electricity market failing consumers?},
  date        = {2017-03-13},
  institution = {Grattan Institute},
  number      = {Report No. 2015-04},
  url         = {https://grattan.edu.au/report/price-shock/},
}

@TechReport{Bendavid-cosmonaut-15,
  author      = {Ron Ben-David},
  title       = {If the retail energy market is competitive then is Lara Bingle a Russian cosmonaut?},
  date        = {2015},
  institution = {Victorian Essential Services Commission},
  url         = {http://esc.vic.gov.au/wp-content/uploads/esc/fc/fc947897-7d4f-4772-97c9-959e3baad0db.pdf},
}


@Misc{Publix-Tampa-2017,
  title       = {Publix retains iron grip on No. 1 spot in Florida's competitive grocery business},
  author      = {Robert Trigaux},
  date        = {2015-11-03},
  url         = {http://www.tampabay.com/news/business/retail/publix-retains-iron-grip-at-no1601-spot-in-floridas-competitive-grocery/2252386},
}

@Misc{WorldBank-FinancialData-2013,
  title       = {Financial Development and Structure Dataset (updated Nov. 2013)},
  author      = {{World Bank}},
  date        = {2013-11},
  url         = {http://econ.worldbank.org/WBSITE/EXTERNAL/EXTDEC/EXTRESEARCH/0,,contentMDK:20696167~pagePK:64214825~piPK:64214943~theSitePK:469382,00.html},
}

@Misc{WorldBank-GFDD-2017,
  title       = {Global Financial Development Database (GFDD)},
  author      = {{World Bank}},
  date        = {2017-06-12},
  url         = {https://data.worldbank.org/data-catalog/global-financial-development},
}

@Misc{oecd.stat,
  author      = {{OECD}},
  title       = {OECD.Stat},
  year        = {2017},
  note        = {Organisation for Economic Co-operation and Development},
  url         = {http://stats.oecd.org/},
}

@Misc{Statista_grocery_Ireland,
  author      = {{Statista}},
  title       = {Market share of grocery stores in Ireland for the 12 weeks ending October 8, 2017},
  year        = {2017},
  url         = {https://www.statista.com/statistics/534106/grocery-market-share-ireland/},
}

@Misc{Loof_grocery_Sweden,
  author      = {Ulrika LÃ¶Ã¶f},
  title       = {The Strength of Competition in the Swedish Grocery Retailing Market: A Comparison to Germany},
  year        = {2011},
  url         = {https://gupea.ub.gu.se/bitstream/2077/28686/1/gupea_2077_28686_1.pdf},
}

@Misc{Statista_grocery_Portugal,
  author      = {{Statista}},
  title       = {Leading three grocery retailers in Portugal 2013, by food retail format market share},
  year        = {2013},
  url         = {https://www.statista.com/statistics/415941/leading-grocery-retailers-in-portugal-by-food-retail-market-share/},
}

@Misc{Gain-grocery-Benelux,
  author      = {Pinckaers, Marcel and Smith, Mary Ellen},
  title       = {The Benelux Food Retail Market},
  date        = {2012-06-25},
  url         = {https://gain.fas.usda.gov/Recent%20GAIN%20Publications/Retail%20Foods_The%20Hague_Netherlands_6-25-2012.pdf},
}

@Misc{DN-grocery-Netherlands,
  author      = {{Dutch News}},
  title       = {Albert Heijn increases Dutch food market share},
  date        = {2017-02-03},
  url         = {http://www.dutchnews.nl/news/archives/2017/02/albert-heijn-increases-dutch-food-market-share/},
}

@Misc{RoyMorgan-grocery-Australia,
  author      = {{Roy Morgan Australia}},
  title       = {Aldi hits new high in supermarket wars},
  date        = {2017-05-17},
  url         = {http://www.roymorgan.com/findings/7234-woolworths-coles-aldi-iga-supermarket-market-shares-australia-march-2017-201705171406},
}

@Misc{UFCW-grocery-Canada,
  author      = {{UFCW}},
  title       = {Loblaws and the Canadian retail food industry},
  date        = {2010-07-19},
  url         = {http://www.ufcw.ca/index.php?option=com_content&view=article&id=1831:ontario-loblaw-talks-resume-after-massive-strike-mandate&Itemid=6&lang=en},
}

@Misc{Statista_grocery_Spain,
  author      = {{Statista}},
  title       = {Market share of grocery stores in Spain for the 12 weeks to September 10, 2017},
  year        = {2017},
  url         = {https://www.statista.com/statistics/535392/grocery-market-share-spain/},
}

@Misc{Statista_grocery_Italy,
  author      = {{Statista}},
  title       = {Leading three grocery retailers in Italy in 2013, by food retail format market share},
  year        = {2013},
  url         = {https://www.statista.com/statistics/415869/leading-grocery-retailers-by-food-retail-format-market-share-italy/},
}

@Misc{Statista_grocery_France,
  author      = {{Statista}},
  title       = {Market share of grocery stores in France for the 12 weeks ending October 17, 2017},
  year        = {2017},
  url         = {https://www.statista.com/statistics/535415/grocery-market-share-france/},
}

@Misc{Statista_grocery_UK,
  author      = {{Statista}},
  title       = {Market share of grocery stores in Great Britain from January 2015 to March 2017},
  year        = {2017},
  url         = {https://www.statista.com/statistics/280208/grocery-market-share-in-the-united-kingdom-uk/},
}

@Misc{Peterson_grocery_US,
  author      = {Hayley Peterson},
  title       = {Walmart won't battle Amazon for Whole Foods for a very simple reason},
  date        = {2017-06-24},
  url         = {https://www.businessinsider.com.au/walmart-wont-battle-amazon-for-whole-foods-2017-6?r=US&IR=T},
}

@Misc{Statista_mobile_US,
  author      = {{Statista}},
  title       = {Wireless subscriptions market share by carrier in the U.S. from 1st quarter 2011 to 2nd quarter 2017},
  year        = {2017},
  url         = {https://www.statista.com/statistics/199359/market-share-of-wireless-carriers-in-the-us-by-subscriptions/},
}

@Misc{PointTopic_mobile_Europe,
  author      = {{Point Topic}},
  title       = {Mobile market shares in Europe},
  year        = {2016},
  url         = {http://point-topic.com/free-analysis/mobile-market-shares-europe/},
}

@Misc{MobileSyrup_mobile_Canada,
  author      = {Ian Hardy},
  title       = {Mobile market shares in Europe},
  date        = {2016-10-27},
  url         = {https://mobilesyrup.com/2016/10/27/crtc-canada-has-29765430-wireless-subscribers-90-percent-of-market-controlled-by-rogers-bell-and-telus/},
}

@Misc{RoyMorgan-mobile-Australia,
  author      = {{Roy Morgan Australia}},
  title       = {Latest Mobile Phone Market Share shows gains for Vodafone, Boost, and ALDImobile},
  date        = {2016-11-21},
  url         = {http://www.roymorgan.com/findings/7058-mobile-phone-service-provider-market-share-october-2016-201611211029},
}

@Misc{Statista_ISP_US,
  author      = {{Statista}},
  title       = {Market shares of internet service providers in the United States in the fourth quarter of 2013},
  year        = {2013},
  url         = {https://www.statista.com/statistics/327131/number-of-broadband-subscribers-in-selected-countries/},
}

@Misc{PointTopic_ISP_UK,
  author      = {{Point Topic}},
  title       = {Broadband take-up and operator market shares in the UK in 2016},
  year        = {2016},
  url         = {http://point-topic.com/free-analysis/broadband-take-up-and-operator-market-shares-in-the-uk-in-2016/},
}

@Misc{Statista_ISP_France,
  author      = {{Statista}},
  title       = {Market shares of internet service providers in France in the fourth quarter of 2013},
  year        = {2013},
  url         = {https://www.statista.com/statistics/326642/number-of-broadband-subscribers-in-france/},
}

@Misc{Statista_ISP_Canada,
  author      = {{Statista}},
  title       = {Market shares of internet service providers in Canada in the fourth quarter of 2013},
  year        = {2013},
  url         = {https://www.statista.com/statistics/326191/number-of-broadband-subscribers-in-canada/},
}

@Misc{Statista_ISP_Australia,
  author      = {{Statista}},
  title       = {Market shares of internet service providers in Australia in the fourth quarter of 2013},
  year        = {2013},
  url         = {https://www.statista.com/statistics/326147/number-of-broadband-subscribers-in-australia/},
}

@Misc{Statista_ISP_Netherlands,
  author      = {{Statista}},
  title       = {Market shares of internet service providers in the Netherlands in the fourth quarter of 2013},
  year        = {2013},
  url         = {https://www.statista.com/statistics/327083/number-of-broadband-subscribers-in-the-netherlands/},
}

@Misc{OECD-HealthInsurance-2016,
  author      = {{OECD}},
  title       = {The first Health System Characteristics online database},
  year        = {2016},
  url         = {https://qdd.oecd.org/subject.aspx?Subject=hsc},
}

@TechReport{KFF-HealthInsurance-US,
  author      = {{KFF.org}},
  title       = {Market Share and Enrollment of Largest Three Insurers- Large Group Market},
  year        = {2014},
  institution = {Kaiser Family Foundation},
  url         = {https://www.kff.org/state-category/health-insurance-managed-care/insurance-market-competitiveness/},
}

@Misc{Statista-HealthInsurance-US,
  author      = {{Statista}},
  title       = {Market share of leading health insurance companies in the United States in 2015, by direct premiums written},
  year        = {2015},
  url         = {https://www.statista.com/statistics/216518/leading-us-health-insurance-groups-in-the-us/},
}

@Misc{PWC-Insurance-2011,
  author      = {{PwC}},
  title       = {Study on the impact of the revision of the Insurance Mediation Directive},
  year        = {2011},
  url         = {http://ec.europa.eu/internal_market/insurance/docs/mediation/imd_final_en.pdf},
}

@Misc{ABI-Insurance-2007,
  author      = {{ABI}},
  title       = {Profitability and concentration in the UK general insurance market},
  year        = {2007},
  url         = {http://ec.europa.eu/competition/sectors/financial_services/inquiries/replies_interim_report/31_abi_2.pdf},
}

@Misc{OECD-Fuel-2013,
  author      = {{OECD}},
  title       = {Policy Roundtables: Competition in Road Fuel},
  year        = {2013},
  url         = {https://www.oecd.org/competition/CompetitionInRoadFuel.pdf},
}

@Misc{AdC-Fuel-Portugal,
  author      = {{Autoridade da ConcorrÃªncia}},
  title       = {Detailed analysis of the liquid fuel and bottled gas sectors in Portugal},
  year        = {2009},
  url         = {http://www.concorrencia.pt/vEN/Estudos_e_Publicacoes/Estudos_Economicos/Energia_e_Combustiveis/Documents/Final_Report_on_Liquid_and_Gas_Fuels_March_2009_English_version.pdf},
}

@Misc{Law_mobile_2017,
  author      = {James Law},
  title       = {Why Australian customers get a raw deal},
  date        = {2017-08-12},
  url         = {http://www.news.com.au/finance/money/costs/why-australian-customers-get-a-raw-deal/news-story/ea3eaafea38e6c6dff2bdc8e5626a18c},
}

@Misc{Hatch_mobile_2016,
  author      = {Patrick Hatch},
  title       = {Apple iPhone 7: Here's how much 'Australia Tax' you'll pay},
  date        = {2016-09-09},
  url         = {http://www.smh.com.au/business/consumer-affairs/apple-iphone-7-heres-how-much-australia-tax-youll-pay-20160909-grckfl.html},
}

@Misc{Convo_media_2016,
  author      = {Tim Dwyer},
  title       = {FactCheck: is Australiaâ€™s level of media ownership concentration one of the highest in the world?},
  date        = {2016-12-12},
  url         = {https://theconversation.com/factcheck-is-australias-level-of-media-ownership-concentration-one-of-the-highest-in-the-world-68437},
}

@Misc{GAO_Airlines_US,
  author      = {{GAO}},
  title       = {Airline Competition: The Average Number of Competitors in Markets Serving the Majority f Passengers Has Changed Little in Recent Years, but Stakeholders Voice Concerns about Competition},
  note        = {United States Government Accountability Office},
  year        = {2014},  
  url         = {http://www.gao.gov/assets/670/664060.pdf},
}

@Misc{CBC_liquor_Ontario,
  author      = {{CBC News}},
  title       = {Grocery stores, craft breweries behind declining Beer Store sales: expert},
  date        = {2017-08-14},
  url         = {http://www.cbc.ca/news/canada/ottawa/why-beer-store-sales-down-2016-1.4243927},
}

@Misc{IAS_liquor_UK,
  author      = {{IAS}},
  title       = {Factsheet: The alcohol industry},
  year        = {2016},
  url         = {http://www.ias.org.uk/uploads/pdf/Factsheets/fsIndustry01042016.pdf},
}

@Misc{Macrobusiness_duopoly_2017,
  author      = {{Macrobusiness}},
  title       = {The monster duopoly economy revealed},
  date        = {2017-04-20},
  url         = {https://www.macrobusiness.com.au/2017/04/monster-duopoly-economy-revealed/},
}


@Misc{Macrobusiness_oligopoly,
  author      = {{Macrobusiness}},
  title       = {The rise and rise of rent-seeking},
  date        = {2013-08-16},
  url         = {https://www.macrobusiness.com.au/2013/08/the-rise-and-rise-of-rent-seeking/},
}

@Misc{Charney_Recruitment_2015,
  author      = {Matt Charney},
  title       = {Traffic, Transparency and Talent Technology: The Future of Online Recruiting},
  date        = {2015-05-27},
  url         = {http://recruitingdaily.com/traffic-transparency-talent-technology-the-future-of-online-recruiting/},
}

@Misc{Dean_RE_2017,
  author      = {Dean, Sam and Fraser, Isabelle},
  title       = {Rightmove profits surge as it attracts record number of customers},
  date        = {2015-05-27},
  url         = {http://www.telegraph.co.uk/business/2017/07/28/rightmove-profits-surge-attracts-record-number-customers/},
}

@Misc{Graham_RE_2017,
  author      = {Jed Graham},
  title       = {Zillow In Position To Dominate Online Real Estate Ad Market},
  date        = {2017-02-06},
  url         = {https://www.investors.com/research/the-new-america/zillow-starts-bidding-war-for-prime-real-estate-between-agents/},
}

@Misc{APRA_insurance_2017,
  author      = {{APRA}},
  title       = {General Insurance Institution-level Statistics: Database},
  date        = {2017-05-10},
  note        = {Australian Prudential Regulation Authority},
  url         = {https://www.investors.com/research/the-new-america/zillow-starts-bidding-war-for-prime-real-estate-between-agents/},
}

@Misc{ACCC_Petrol_2014,
  author      = {{ACCC}},
  title       = {Monitoring of the Australian petroleum industry 2014 - Report},
  date        = {2014-12-03},
  note        = {Australian Competition and Consumer Commission},
  url         = {https://www.accc.gov.au/publications/annual-monitoring-of-the-australian-petroleum-industry/monitoring-of-the-australian-petroleum-industry-2014-report},
}

@Misc{IBISWorld_Bunnings_2015,
  author      = {{IBISWorld}},
  title       = {Master the market: Competition between Masters and Bunnings has forced smaller operators to exit},
  date        = {2015-11-24},
  url         = {https://www.ibisworld.com.au/media/2015/11/24/master-the-market-competition-between-masters-and-bunnings-has-forced-smaller-operators-to-exit/},
}

@Misc{Bouris_BigBusiness_2015,
  author      = {Mark Bouris},
  title       = {Opinion: Supermarket giants are damaging small business in Australia},
  date        = {2015-05-07},
  url         = {http://www.news.com.au/finance/small-business/opinion-supermarket-giants-are-damaging-small-business-in-australia/news-story/756fe80cd30c4b13983d813133186cf1},
}

@Misc{Quiggin_socialism,
  author      = {John Quiggin},
  title       = {Socialism with a spine: the only 21st century alternative},
  date        = {2017-10-09},
  note        = {The Guardian},
  url         = {https://www.theguardian.com/business/2017/oct/09/socialism-with-a-spine-the-only-21st-century-alternative},
}

@Article{supermoney-bank-rip-off,
  author      = {Andrew Latham},
  title       = {15 ridiculous ways banks are ripping you off},
  date        = {2014-06-15},
  journal     = {Supermoney},
  url         = {https://www.supermoney.com/2014/06/15-ways-banks-ripping-off/},
}

@Article{herald-sun-fuel-price-cycle,
  author      = {Karen Collier},
  title       = {Dozens of Melbourne petrol stations raise prices by 30c a litre},
  date        = {2015-12-21},
  journal     = {Herald Sun},
  url         = {http://www.heraldsun.com.au/news/dozens-of-melbourne-petrol-stations-raise-prices-by-30c-a-litre/news-story/1737fd212ebf2c13fac494a7eabb40e2},
}


@TechReport{Vic-port-reg-2015,
  author      = {{Victorian Treasurer and Minister for Ports}},
  title       = {Government Strengthens Port Regulatory Regime With Additional Safeguards},
  year        = {2015},
  institution = {Victorian Government},
  url         = {https://www.premier.vic.gov.au/government-strengthens-port-regulatory-regime-with-additional-safeguards/},
}


@Article{courier-mail-fuel-price-cycle,
  author      = {Margaret Wenham},
  title       = {This is despicable, shameless price gouging},
  date        = {2017-09-26},
  journal     = {Courier Mail},
  url         = {http://www.couriermail.com.au/rendezview/this-is-despicable-shameless-price-gouging/news-story/4c8c206fcdef99d477b0e5426e0ddc61},
}

@Article{choice-brands-disappearing,
  author      = {Elise Dalley and Zoya Sheftalovich},
  title       = {The situation on the supermarket shelves},
  date        = {2014-09-11},
  journal     = {Choice},
  url         = {https://www.choice.com.au/shopping/everyday-shopping/supermarkets/articles/choice-supermarket-special},
}

@Article{monthly-supermarkets,
  author      = {Malcolm Knox},
  title       = {Supermarket monsters},
  date        = {2014-08-01},
  journal     = {The Monthly},
  url         = {https://www.themonthly.com.au/issue/2014/august/1406815200/malcolm-knox/supermarket-monsters},
}

@Misc{make-it-cheaper-electricity-price-gouging,
  author      = {Nandita Reddy},
  title       = {Will re-regulation of energy prices stop price gouging?},
  date        = {2017-08-24},
  note        = {Make it cheaper},
  url         = {https://www.makeitcheaper.com.au/blog/reregulation-stop-price-gouging},
}


@TechReport{APRA_insight_insurance,
  author      = {{APRA}},
  title       = {APRA insight: issue 3 2012},
  year        = {2012},
  institution        = {Australian Prudential Regulation Authority},
  url         = {http://www.apra.gov.au/Insight/Documents/12-Insight-issue-3.pdf},
}

@TechReport{APRA_FSI_2014,
  author      = {{APRA}},
  title       = {Financial System Inquiry: Submission},
  date        = {2014-03-31},
  institution        = {Australian Prudential Regulation Authority},
  url         = {http://www.apra.gov.au/Submissions/Documents/APRA-2014-FSI-Submission-FINAL.pdf},
}

@TechReport{ACCC-price-fixing,
  author      = {{ACCC}},
  title       = {Price fixing},
  year        = {2017},
  institution = {Australian Competition and Consumer Commission},
  url         = {https://www.accc.gov.au/business/anti-competitive-behaviour/cartels/price-fixing},
}


@TechReport{ACCC-mobile-services,
  author      = {{ACCC}},
  title       = {Mobile services},
  year        = {2017},
  institution = {Australian Competition and Consumer Commission},
  url         = {https://www.accc.gov.au/regulated-infrastructure/communications/mobile-services},
}


@InProceedings{ACCC-ports-reg-2016,
  author      = {Rod Sims},
  title       = {Ports: What measure of regulation},
  date        = {2016-10-20},
  booktitle   = {Ports Australia Conference},
  location    = {Melbourne},  
  url         = {https://www.accc.gov.au/speech/ports-what-measure-of-regulation},
}


@Misc{ACCC-role-markets,
  author      = {Rod Sims},
  title       = {The role of the ACCC in restoring faith in free markets},
  date        = {2017-05-06},
  note        = {Address delivered to Competition Law Conference, May 6 2017},
  url         = {https://www.accc.gov.au/speech/the-role-of-the-accc-in-restoring-faith-in-free-markets},
}

@Misc{ACCC-PC-submission,
  author      = {{ACCC}},
  title       = {Australian Competition and Consumer Commission submission to the Productivity Commission inquiry into Competition in the Australian Financial System},
  date        = {2017-09},
  note        = {September 2017},
  url         = {http://www.pc.gov.au/__data/assets/pdf_file/0019/221860/sub017-financial-system.pdf},
}

@Misc{Xenophon-minority-report,
  author      = {Nick Xenophon},
  title       = {Minority Report by Nick Xenophon, Independent Senator for South Australia},
  date        = {2012},
  note        = {Cited in: Senate committee on Australia's food processing sector. August 2012},
  url         = {http://www.aph.gov.au/~/media/wopapub/senate/committee/foodprocessing_ctte/foodprocessing/report/report_pdf.ashx},
}

@Misc{IP-Aus-patent-laws,
  author      = {{IP Australia}},
  title       = {Types of patents},
  year        = {2016},
  url         = {https://www.ipaustralia.gov.au/patents/understanding-patents/types-patents},
}

@Misc{AER-electricity-determination,
  author      = {{AER}},
  title       = {Our role in networks},
  year        = {2017},
  note        = {Australian Energy Regulator},
  url         = {https://www.aer.gov.au/networks-pipelines/our-role-in-networks},
}


@Misc{PC-airport-regulation,
  author      = {{Productivity Commission}},
  title       = {Economic Regulation of Airport Services},
  year        = {2011},
  note        = {Productivity Commission Inquiry Report No. 57, 14 December 11},
  url         = {https://www.pc.gov.au/inquiries/completed/airport-regulation/report/airport-regulation.pdf},
}

@Misc{PC-retail-2011,
  author      = {{Productivity Commission}},
  title       = {Economic Structure and Performance of the Australian Retail Industry},
  year        = {2011},
  note        = {Productivity Commission Inquiry Report No. 56, November 11},
  url         = {https://www.pc.gov.au/inquiries/completed/retail-industry/report/retail-industry.pdf},
}


@Misc{PC-shiftthedial-2017,
  author      = {{Productivity Commission}},
  title       = {Shifting the Dial: 5-year Productivity Review},
  year        = {2017},
  note        = {Inquiry Report},
  url         = {http://www.pc.gov.au/inquiries/completed/productivity-review#report},
}


@Misc{PC-data-2017,
  author      = {{Productivity Commission}},
  title       = {Data Availability and Use},
  year        = {2017},
  note        = {Inquiry Report},
  url         = {https://www.pc.gov.au/inquiries/completed/data-access/report},
}

@Misc{PC-IP-2016,
  author      = {{Productivity Commission}},
  title       = {Intellectual Property Arrangements},
  year        = {2016},
  note        = {Inquiry Report},
  url         = {https://www.pc.gov.au/inquiries/completed/intellectual-property/report},
}


@Misc{PC-airport-2012,
  author      = {{Productivity Commission}},
  title       = {Economic Regulation of Airport Services},
  year        = {2012},
  note        = {Inquiry Report},
  url         = {https://www.pc.gov.au/inquiries/completed/airport-regulation/report},
}


@Misc{PC-FScompetition-2017,
  author      = {{Productivity Commission}},
  title       = {Competition in the Australian Financial System},
  year        = {2017},
  note        = {Public Inquiry},
  url         = {http://www.pc.gov.au/inquiries/current/financial-system},
}

@Misc{PHIAC-competition-health,
  author      = {{PHIAC}},
  title       = {Competition in the Australian Private Health Insurance Market},
  year        = {2015},
  note        = {Private Health Insurance Administration Council},
  url         = {http://www.apra.gov.au/PHI/PHIAC-Archive/Documents/Competition-in-the-Australian-PHI-market_June-2015.pdf},
}

@Article{potter-2016-privatisation,
  author      = {Ben Potter},
  title       = {ACCC's Rod Sims `exasperated' as privatisations `increase prices'},
  date        = {2016-07-26},
  journal     = {Australian Financial Review},
  url         = {http://www.afr.com/news/economy/acccs-rod-sims-exasparated-as-privatisations-increase-prices-20160726-gqdyjv},
}


@Misc{APRA_PC_Sub_2017,
  author      = {{APRA}},
  title       = {Submission to the Productivity Commission Inquiry into Competition in the Australian Financial System},
  date        = {2017-09},
  note        = {Australian Prudential Regulation Authority},
  url         = {http://www.apra.gov.au/Submissions/Documents/APRA-PC-Submission-FINAL-September2017.pdf},
}

@Misc{Janda_merger_2008,
  author      = {Michael Janda},
  title       = {St George, Westpac agree on merger terms},
  date        = {2008-05-13},
  note        = {ABC News},
  url         = {http://www.abc.net.au/news/2008-05-13/st-george-westpac-agree-on-merger-terms/2434060},
}

@Misc{ABC_sims-airport_2017,
  author      = {Michael Janda},
  title       = {ACCC suggests airport regulation, says flyers pay up to \$1.6b in extra fees due to privatisations},
  date        = {2017-03-06},
  note        = {ABC News},
  url         = {http://www.abc.net.au/news/2017-03-06/accc-says-consumers-gouged-through-poor-airport-privatisations/8327196},
}

@Misc{ACCC_mobile_2009,
  author      = {{ACCC}},
  title       = {ACCC not to oppose proposed merger of Vodafone and Hutchison},
  date        = {2009-05-29},
  note        = {Australian Competition and Consumer Commission},
  url         = {https://www.accc.gov.au/media-release/accc-not-to-oppose-proposed-merger-of-vodafone-and-hutchison},
}

@Misc{ACCC_privatise_smart_2016,
  author      = {{ACCC}},
  title       = {Privatisation needs smarter regulation},
  date        = {2016-08-04},
  note        = {Australian Competition and Consumer Commission},
  url         = {https://www.accc.gov.au/media-release/privatisation-needs-smarter-regulation},
}

@Misc{ACCC_fixedlineprice_2015,
  author      = {{ACCC}},
  title       = {ACCC Fixed line services decision leads to one-off uniform fall in access prices of 9.4\%},
  date        = {2015-10-09},
  note        = {Australian Competition and Consumer Commission},
  url         = {https://www.accc.gov.au/media-release/accc-fixed-line-services-decision-leads-to-one-off-uniform-fall-in-access-prices-of-94},
}

@Misc{ACCC_Airports_2015-16,
  author      = {{ACCC}},
  title       = {Airport monitoring report 2015-16},
  date        = {2017-03-06},
  note        = {Australian Competition and Consumer Commission},
  url         = {https://www.accc.gov.au/regulated-infrastructure/airports-aviation/airports-monitoring},
}

@Misc{Ganapati_concen_2017,
  author      = {Sharat Ganapati},
  title       = {Oligopolies, Prices, and Quantities: Has Industry Concentration Increased Price and Restricted Output?},
  date        = {2017-10-26},
  url         = {https://papers.ssrn.com/sol3/papers.cfm?abstract_id=3030966},
}

@Book{Koller_ROIC_2010,
  author      = {Tim Koller and Marc Goedhart and David Wessels},
  title       = {Valuation: Measuring and Managing the Value of Companies},
  year        = {2010},
  address     = {New Jersey},
  edition     = {5},
  publisher   = {Wiley},
}



@TechReport{MinifieChisholmPercival2017,
  author      = {Jim Minifie and Cameron Chisholm and Lucy Percival},
  title       = {Stagnation nation: Australian investment in a low-growth world},
  date        = {2017-02-26},
  institution = {Grattan Institute},
  url         = {https://grattan.edu.au/report/stagnation-nation/},
}

@TechReport{Wood-putting-customer-back-in-front,
  author      = {Tony Wood and Amelie Hunter and Prasanna Venkataraman and Michael O'Toole and Lucy Carter},
  title       = {Putting the customer back in front: how to make electricity prices cheaper},
  year        = {2012},
  institution = {Grattan Institute},
  url         = {https://grattan.edu.au/report/putting-the-customer-back-in-front-how-to-make-electricity-prices-cheaper/},
}


@TechReport{UNCTAD_2017,
  author      = {{UNCTAD}},
  title       = {Beyond Austerity: Towards a Global New Deal},
  institution = {United Nations Conference on Trade and Development},
  year        = {2017},
  note        = {Trade and Development Report 2017},
  url         = {http://unctad.org/en/pages/PublicationWebflyer.aspx?publicationid=1852},
}

@Misc{ACCC_mergerguidelines,
  author      = {{ACCC}},
  title       = {Merger guidelines},
  date        = {2008-11-21},
  note        = {Australian Competition and Consumer Commission},
  url         = {https://www.accc.gov.au/business/mergers},
}


@Misc{Economicinnovationgroupdynamism,
  author      = {{Economic Innovation Group}},
  title       = {Dynamism In Retreat},
  year        = {2017},
  note        = {February 2017},
  url         = {http://eig.org/dynamism},
}


@Book{IllusionsEntrepreneur2010,
  author      = {Shane, Scott A.},
  title       = {The Illusions of Entrepreneurship: The Costly Myths That Entrepreneurs, Investors, and Policy Makers Live By},
  year        = {2010},
  address     = {New Haven},
  publisher   = {Yale University Press},
}

@Misc{NewbasescompadvtBCG,
  author      = {{Boston Consulting Group}},
  title       = {New bases of competitive advantage},
  year        = {2009},
  url         = {https://www.bcg.com/documents/file33667.pdf},
}

@Article{FT_Foodland_2005,
  author      = {Leora Moldofsky},
  title       = {Foodland sold to Woolworths and Metcash},
  date        = {2005-05-25},
  journal     = {Financial Times},
  url         = {https://www.ft.com/content/cddf1c68-ccc1-11d9-bb87-00000e2511c8},
}


@Misc{antitrustpopulism,
  author      = {Carl Shapiro},
  title       = {Antitrust in a time of populism},
  date        = {2017-10-17},
  note        = {Haas School of Business, University of California at Berkeley},
  url         = {http://faculty.haas.berkeley.edu/shapiro/antitrustpopulism.pdf},
}

@Misc{7eleven_divestment,
  author      = {{7-Eleven}},
  title       = {ACCC Approves 7-Eleven Acquisition of Mobile Retail Fuels Business},
  date        = {2010-07-22},
  url         = {https://www.7eleven.com.au/media-centre/article/accc-approves-7-eleven-acquisition-of-mobil-retail-fuels-business},
}

@Misc{ACCC_Fitness,
  author      = {{ACCC}},
  title       = {ACCC will not oppose Quadrant's proposed acquisition of Fitness First},
  date        = {2016-12-01},
  url         = {https://www.accc.gov.au/media-release/accc-will-not-oppose-quadrants-proposed-acquisition-of-fitness-first},
}

@Misc{ACCC_Xstrata,
  author      = {{ACCC}},
  title       = {ACCC not to oppose Xstrata Plc's proposed acquisition of MIM Holdings Limited},
  date        = {2003-05-09},
  url         = {https://www.accc.gov.au/media-release/accc-not-to-oppose-xstrata-plcs-proposed-acquisition-of-mim-holdings-limited},
}

@Misc{Bakhtiari_2017,
  author      = {Sasan Bakhtiari},
  title       = {Entrepreneurship Dynamics in Australia: Lessons from Micro-Data},
  year        = {2017},
  url         = {https://www.industry.gov.au/Office-of-the-Chief-Economist/Research-Papers/Pages/Entrepreneurship-Dynamics-in-Australia-Lessons-from-Micro-data.aspx},
}

@Misc{Choice-supermarket-want-to-spend-less,
  author      = {Rachel Clemons},
  title       = {Want to spend less at the checkout?},
  date        = {2017-06-05},
  note        = {Choice},
  url         = {https://www.choice.com.au/shopping/everyday-shopping/supermarkets/articles/cheapest-groceries-australia},
}

@Article{freestone2006fly,
  title       = {Fly buy cities: Some planning aspects of airport privatisation in Australia},
  author      = {Freestone, Robert and Williams, Peter and Bowden, Aaron},
  journal     = {Urban Policy and Research},
  volume      = {24},
  number      = {4},
  pages       = {491--508},
  year        = {2006},
  publisher   = {TF},
}

@Article{Irvine_oligopolies_2011,
  author      = {Jessica Irvine},
  title       = {Top bosses' riches are undeserved},
  date        = {2011-11-02},
  journal     = {Sydney Morning Herald},
  url         = {http://www.smh.com.au/federal-politics/political-opinion/top-bosses-riches-are-undeserved-20111101-1mttj.html},
}

@Misc{ACCC_regionalfuel,
  author      = {{ACCC}},
  title       = {Want to spend less at the checkout?},
  year        = {2017},
  note        = {Australian Competition and Consumer Commission},
  url         = {https://www.accc.gov.au/consumers/petrol-diesel-lpg/fuel-in-regional-australia},
}

@Misc{Furman_preso_2016,
  author      = {Jason Furman},
  title       = {President Obamaâ€™s Economic Record and the Challenges Ahead},
  date        = {2016-11-28},
  note        = {Gerald R. Ford School of Public Policy, University of Michigan, Ann Arbor, MI},
  url         = {https://obamawhitehouse.archives.gov/sites/default/files/page/files/20161128_ford_school_furman.pdf},
}

@TechReport{Industry_2015,
  author      = {Jan A. Swanepoel and Anthony W. Harrison},
  title       = {The business size distribution in Australia},
  date        = {2015-09-01},
  institution = {Department of Industry, Innovation and Science},
  url         = {https://industry.gov.au/Office-of-the-Chief-Economist/Research-Papers/Documents/Research-Paper-5-The-business-size-distribution-in-Australia.pdf},
}

@Article{Breunig_2007,
  author      = {Robert Breunig and Marn-Heong Wong},
  title       = {The Role of Firm Dynamics in Australia's Productivity Growth},
  year        = {2007},
  journal     = {The Australian Economic Review},
  url         = {https://crawford.anu.edu.au/pdf/staff/robert_breunig/Breunig&Wong2.107.pdf},
}

@Article{Kaufland_2017,
  author      = {Simon Evans},
  title       = {German supermarket Kaufland buys site in Adelaide as it follows Aldi into Australia},
  date        = {2017-10-06},
  journal     = {Australian Financial Review},
  url         = {http://www.afr.com/business/retail/fmcg/german-supermarket-kaufland-buys-site-in-adelaide-as-it-follows-aldi-into-australia-20171005-gyveuh},
}


@Article{Gruen_portable_2014,
  author      = {Nicholas Gruen},
  title       = {Free, marginal cost pricing and policy},
  date        = {2014-08-19},
  journal     = {Club Troppo},
  url         = {http://clubtroppo.com.au/2014/08/19/free-marginal-cost-pricing-and-policy/},
}

@Article{Gruen_centralbanking_2014,
  author      = {Nicholas Gruen},
  title       = {Central banking for all},
  date        = {2014-04-14},
  journal     = {Nesta},
  url         = {https://www.nesta.org.uk/publications/central-banking-all-modest-case-radical-reform},
}

@Article{Newyorker_algo_2015,
  author      = {Jill Priluck},
  title       = {When bots collude},
  date        = {2015-04-25},
  journal     = {The New Yorker},
  url         = {https://www.newyorker.com/business/currency/when-bots-collude},
}

@Article{Bankhaggle_2017,
  author      = {Duncan Hughes},
  title       = {Haggle for best mortgage rate and grab a bargain, analysis reveals},
  date        = {2017-10-27},
  journal     = {Australian Financial Review},
  url         = {http://www.afr.com/personal-finance/haggle-for-best-mortgage-rate-and-grab-a-bargain-analysis-reveals-20171026-gz999q},
}

@Article{AmazonFresh_2017,
  author      = {{Forbes}},
  title       = {Amazon's Impending Arrival In Australia Has Retailers Trembling},
  date        = {2017-11-01},
  journal     = {Forbes Asia},
  url         = {https://www.forbes.com/sites/forbesasia/2017/11/01/amazons-impending-arrival-in-australia-has-retailers-trembling/#f8a1add794dd},
}

@Article{fernandez2013market,
  title       = {Market Risk Premium and Risk Free Rate used for 51 countries in 2013: a survey with 6,237 answers},
  author      = {Fernandez, Pablo and Aguirreamalloa, Javier and Linares, Pablo},
  year        = {2013},
  note        = {IESE Business School. June 26, 2013},
  url         = {https://papers.ssrn.com/sol3/papers.cfm?abstract_id=914160},
}

@TechReport{US_mobile_FCC,
  title       = {Twentieth Mobile Wireless Competition Report},
  author      = {{FCC}},
  date        = {2017-09-07},
  institution = {Federal Communications Commission},
  number      = {FCC-CIRC1709-08},
  url         = {https://apps.fcc.gov/edocs_public/attachmatch/DOC-346595A1.pdf},
}

@Misc{Europe_mobile,
  author      = {Jamie Davies},
  title       = {Infographic: Who are the MNO market share leaders in Europe?},
  date        = {2017-07-03},
  url         = {http://telecoms.com/483122/infographic-who-are-the-mno-market-share-leaders-in-europe/},
}

@TechReport{Can_mobile,
  title       = {Communications Monitoring Report 2016},
  author      = {{CRTC}},
  date        = {2017-09-07},
  institution = {Canadian Radio-television and Telecommunications Commission},
  url         = {https://crtc.gc.ca/eng/publications/reports/PolicyMonitoring/2016/cmr.pdf},
}

@TechReport{ACMA_Telco,
  author      = {{ACMA}},
  title       = {Communications report 2015-16},
  year        = {2016},
  institution = {Australian Communications and Media Authority},
  url         = {https://www.acma.gov.au/theACMA/communications-report-2015-16},
}

@Misc{Netherlands_MVNO,
  author      = {van de Roer, Alejandra},
  title       = {MVNOs nearing 20\% of Dutch mobile market},
  date        = {2015-07-10},
  url         = {https://www.telecompaper.com/pressrelease/mvnos-nearing-20-of-dutch-mobile-market--1091831},
}

@Misc{Harper2015Competition,
  author      = {Ian Harper and Peter Anderson and Su McCluskey and Michael Oâ€™Bryan},
  title       = {Competition Policy Review Final Report},
  year        = {2015},
  url         = {http://competitionpolicyreview.gov.au/final-report/},
}

@TechReport{Morrison2017Competition,
  author      = {Scott Morrison},
  title       = {Media release: Aussie small business and consumers the winners as strengthened competition laws commence},
  year        = {2017},
  institution = {The Treasurer},
}

@Misc{Bulgaria_fuel,
  author      = {{Reuters}},
  title       = {UPDATE 2-Bulgaria watchdog accuses 4 oil firms of price-fixing},
  date        = {2012-03-17},
  url         = {https://uk.reuters.com/article/bulgaria-antitrust/update-2-bulgaria-watchdog-accuses-4-oil-firms-of-price-fixing-idUKL5E8EG2KD20120316},
}

@TechReport{AERdeterminations,
  author      = {{AER}},
  institution = {{Australian Energy Regulator}},
  title       = {Determinations and Access Arrangements},
  year        = {2017},
  url         = {https://www.aer.gov.au/networks-pipelines/determinations-access-arrangements},
}


@Misc{Promarket2017,
  author      = {Promarket},
  title       = {Interview with Steven Kaplan},
  date        = {2017-04-07},
  institution = {Stigler Centre at the University of Chicago Booth School of Business},
  url         = {https://promarket.org/suspect-major-reason-rise-concentration-technological-change-particularly/},
}


@TechReport{ACCCCommsMarketStudyDraft2017,
  author      = {{ACCC}},
  title       = {Communications sector market study draft report},
  year        = {2017},
  institution = {Australian Competition and Consumer Commission},
  url         = {https://www.accc.gov.au/about-us/market-studies/communications-sector-market-study},
}

@TechReport{ACCCNewCarMarketStudyDraft2017,
  author      = {{ACCC}},
  title       = {New car retailing industry market study draft report},
  year        = {2017},
  institution = {Australian Competition and Consumer Commission},
  url         = {https://www.accc.gov.au/about-us/market-studies/new-car-retailing-industry-market-study},
}

@Article{ellickson2013supermarkets-natural-oligopoly,
  title       = {Supermarkets as a natural oligopoly},
  author      = {Paul B. Ellickson},
  journal     = {Economic Inquiry},
  volume      = {51},
  number      = {2},
  pages       = {1142--1154},
  year        = {2013},
}

@Article{shaked-sutton1983natural-oligopolies,
  title       = {Natural Oligopolies},
  author      = {Avner Shaked and John Sutton},
  journal     = {Econometrica},
  volume      = {51},
  number      = {5},
  pages       = {1469--1484},
  year        = {1983},
}

@Article{porter2008five,
  title       = {The five competitive forces that shape strategy},
  author      = {Porter, Michael E},
  journal     = {Harvard business review},
  volume      = {86},
  number      = {1},
  pages       = {25--40},
  year        = {2008},
}

@Article{bloch2001economies,
  title       = {Economies of scale and scope in Australian telecommunications},
  author      = {Bloch, Harry and Madden, Gary and Savage, Scott J},
  journal     = {Review of Industrial Organization},
  volume      = {18},
  number      = {2},
  pages       = {219--227},
  year        = {2001},
}

@Article{oner2016retail,
  title       = {Retail productivity: The effects of market size and regional hierarchy},
  author      = {{\"O}ner, {\"O}zge},
  journal     = {Papers in Regional Science},
  year        = {2016},
}


@Article{metters2000small,
  title       = {Small is beautiful: The re-emergence of the convenience strategy},
  author      = {Metters, Richard and Ketzenberg, Michael},
  journal     = {Journal of Business Strategies},
  volume      = {17},
  number      = {1},
  pages       = {25},
  year        = {2000},
  publisher   = {Center for Business and Economic Research},
}

@Article{kellner1983entry,
  title       = {Entry, size distribution, scale, and scope economies in the life insurance industry},
  author      = {Kellner, S and Mathewson, G Frank},
  journal     = {Journal of Business},
  pages       = {25--44},
  year        = {1983},
  publisher   = {JSTOR},
}

@Book{laeven2014bank,
  title       = {Bank size and systemic risk},
  author      = {Laeven, Mr Luc and Ratnovski, Lev and Tong, Hui},
  number      = {14},
  year        = {2014},
  publisher   = {International Monetary Fund},
}

@Article{guy2005scale,
  title       = {Scale economies and superstore retailing: new evidence from the UK},
  author      = {Guy, Cliff and Bennison, David and Clarke, Roger},
  journal     = {Journal of Retailing and Consumer Services},
  volume      = {12},
  number      = {2},
  pages       = {73--81},
  year        = {2005},
}

@Article{hanson2001scale,
  title       = {Scale economies and the geographic concentration of industry},
  author      = {Hanson, Gordon H},
  journal     = {Journal of Economic Geography},
  volume      = {1},
  number      = {3},
  pages       = {255--276},
  year        = {2001},
}

@Article{keh2003retail,
  title       = {Retail productivity and scale economies at the firm level: a DEA approach},
  author      = {Keh, Hean Tat and Chu, Singfat},
  journal     = {Omega},
  volume      = {31},
  number      = {2},
  pages       = {75--82},
  year        = {2003},
}

@Article{farrell2001scale,
  title       = {Scale economies and synergies in horizontal merger analysis},
  author      = {Farrell, Joseph and Shapiro, Carl},
  journal     = {Antitrust Law Journal},
  volume      = {68},
  number      = {3},
  pages       = {685--710},
  year        = {2001},
}

@Article{ellickson2007does,
  title       = {Does Sutton apply to supermarkets?},
  author      = {Ellickson, Paul B},
  journal     = {The RAND Journal of Economics},
  volume      = {38},
  number      = {1},
  pages       = {43--59},
  year        = {2007},
}

@Article{nam2009estimating,
  title       = {Estimating scale economies of the wireless telecommunications industry using EVA data},
  author      = {Nam, Changi and Kwon, Youngsun and Kim, Seongcheol and Lee, Hyeongjik},
  journal     = {Telecommunications Policy},
  volume      = {33},
  number      = {1},
  pages       = {29--40},
  year        = {2009},
}

@Article{allen2007efficiency,
  title       = {Efficiency and economies of scale of large Canadian banks},
  author      = {Allen, Jason and Liu, Ying},
  journal     = {Canadian Journal of Economics/Revue canadienne d'{\'e}conomique},
  volume      = {40},
  number      = {1},
  pages       = {225--244},
  year        = {2007},
}

@Article{hughes2013said,
  title       = {Who said large banks donâ€™t experience scale economies? Evidence from a risk-return-driven cost function},
  author      = {Hughes, Joseph P and Mester, Loretta J},
  journal     = {Journal of Financial Intermediation},
  volume      = {22},
  number      = {4},
  pages       = {559--585},
  year        = {2013},
}

@Article{leibenstein1966allocative,
  title       = {Allocative efficiency vs." X-efficiency"},
  author      = {Leibenstein, Harvey},
  journal     = {The American Economic Review},
  pages       = {392--415},
  year        = {1966},
}

@Article{fan2011price,
  title       = {The price elasticity of electricity demand in South Australia},
  author      = {Fan, Shu and Hyndman, Rob J},
  journal     = {Energy Policy},
  volume      = {39},
  number      = {6},
  pages       = {3709--3719},
  year        = {2011},
}

@Article{cadman2008price,
  title       = {Price and income elasticity of demand for broadband subscriptions: A cross-sectional model of OECD countries},
  author      = {Cadman, RICHARD and Dineen, CHRIS},
  journal     = {SPC Network},
  volume      = {19},
  pages       = {03--08},
  year        = {2008},
}

@Article{seale2006modeling,
  title       = {Modeling international consumption patterns},
  author      = {Seale, James L and Regmi, Anita},
  journal     = {Review of Income and Wealth},
  volume      = {52},
  number      = {4},
  pages       = {603--624},
  year        = {2006},
}

@Article{clements2008price,
  title       = {Price elasticities of demand are minus one-half},
  author      = {Clements, Kenneth W},
  journal     = {Economics Letters},
  volume      = {99},
  number      = {3},
  pages       = {490--493},
  year        = {2008},
}

@Misc{fernandez2016marketrisk,
  title       = {Market Risk Premium used in 71 countries in 2016: a survey with 6,932 answers},
  author      = {Pablo Fernandez and Alberto Ortiz and Isabel Fernandez Acin},
  note        = {IESE Business School. University of Navarra},
  year        = {2016},
}

@TechReport{RBA_historical2017,
  author      = {RBA},
  title       = {Capital Market Yields -- Government Bonds -- Monthly -- 1696 to May 2013 -- F2},
  year        = {2017},
  institution = {Reserve Bank of Australia},
  url         = {https://www.rba.gov.au/statistics/historical-data.html},
}

@Misc{BullockBigBanks2017,
  author      = {Michele Bullock},
  title       = {Big Banks and Financial Stability},
  date        = {2017-07-21},
  note        = {Speech to the Melbourne Institute Economic and Social Outlook Conference},
  url         = {https://www.rba.gov.au/speeches/2017/sp-ag-2017-07-21.html},
}

@TechReport{RBA_statistical2017,
  author      = {RBA},
  title       = {Capital Market Yields -- Government Bonds -- Monthly -- F2.1},
  year        = {2017},
  institution = {Reserve Bank of Australia},
  url         = {https://www.rba.gov.au/statistics/tables/},
}

@Misc{ABS2017BLADE,
  author      = {{ABS}},
  title       = {Business Longitudinal Analysis Data Environment (BLADE)},
  year        = {2017},
  note        = {See cat. no. 8171.0 (information paper). Accessed 26 November 2017. Australian Bureau of Statistics},
}


@Article{harberger1954monopoly,
  title       = {Monopoly and resource allocation},
  author      = {Harberger, Arnold C},
  journal     = {The American Economic Review},
  pages       = {77--87},
  year        = {1954},
  volume      = {44},
  issue       = {2},
}

@Article{hefford1978welfare,
  title       = {The welfare cost of monopoly in Australia},
  author      = {Hefford, CB and Round, David K},
  journal     = {Southern Economic Journal},
  pages       = {846--860},
  year        = {1978},
}

@TechReport{ritz2016oligopolistic,
  title       = {Oligopolistic competition and welfare},
  author      = {Ritz, Robert A and Ritz, RA and others},
  year        = {2016},
  institution = {Department of Applied Economics},
}

@Article{worcester1973new,
  title       = {New estimates of the welfare loss to monopoly, United States: 1956-1969},
  author      = {Worcester, Dean A},
  journal     = {Southern Economic Journal},
  pages       = {234--245},
  year        = {1973},
}

@Article{joskow2007regulation,
  title       = {Regulation of natural monopoly},
  author      = {Joskow, Paul L},
  journal     = {Handbook of law and economics},
  volume      = {2},
  pages       = {1227--1348},
  year        = {2007},
}

@Article{shamsuddin2012does,
  title       = {Does bank efficiency matter? Market value relevance of bank efficiency in Australia},
  author      = {Shamsuddin, Abul and Xiang, Dong},
  journal     = {Applied Economics},
  volume      = {44},
  number      = {27},
  pages       = {3563--3572},
  year        = {2012},
}

@Article{chen2014effect,
  title       = {The effect of competition intensity and competition type on the use of customer satisfaction measures in executive annual bonus contracts},
  author      = {Chen, Clara Xiaoling and Matsumura, Ella Mae and Shin, Jae Yong and Wu, Steve Yu-Ching},
  journal     = {The Accounting Review},
  volume      = {90},
  number      = {1},
  pages       = {229--263},
  year        = {2014},
}

@TechReport{kimmelman2017communications,
  title       = {A communications oligopoly on steroids; why antitrust enforcement and regulatory oversight in digital communications matter},
  author      = {Gene Kimmelman and Mark Cooper},
  year        = {2017},
  institution = {Washington Center for Equitable Growth},
  url         = {http://equitablegrowth.org/report/a-communications-oligopoly-on-steroids/},
}

@Article{nickell1996competition,
  title       = {Competition and corporate performance},
  author      = {Nickell, Stephen J},
  journal     = {Journal of political economy},
  volume      = {104},
  number      = {4},
  pages       = {724--746},
  year        = {1996},
}

@Article{yang2009small,
  title       = {Are small firms less efficient?},
  author      = {Yang, Chih-Hai and Chen, Ku-Hsieh},
  journal     = {Small Business Economics},
  volume      = {32},
  number      = {4},
  pages       = {375--395},
  year        = {2009},
}

@Article{barros2008analysing,
  title       = {Analysing technical and allocative efficiency in the French grocery retailing industry},
  author      = {Barros, Carlos Pestana and Perrigot, Rozenn},
  journal     = {The International Review of Retail, Distribution and Consumer Research},
  volume      = {18},
  number      = {4},
  pages       = {361--380},
  year        = {2008},
}
