c9d96eaabcadeecf6a96bd103949446a