03554090a416819a5645588a84533637