
@MISC{DOH2017HCH1,
  author       = {{Department of Health (Cth)}},
  url          = {http://www.health.gov.au/internet/main/publishing.nsf/Content/health-care-homes-professional},
  date         = {2017},
  title        = {Health Care Homes: for health professionals},
}

@REPORT{RACGP2016,
  author       = {RACGP},
  institution  = {Royal Australian College of General Practitioners},
  url          = {http://www.racgp.org.au/yourracgp/news/media-releases/government-fails-to-deliver-on-health-care-homes-(1)/},
  date         = {2016},
  title        = {Government fails to deliver on Health Care Homes},
  type         = {techreport},
}
