
@TechReport{ABS2009Researchexperimentaldevelopmenta,
  author       = {{ABS}},
  title        = {Research and experimental development, higher education organisations, Australia, 2008-09},
  year         = {2009},
  institution  = {Australian Bureau of Statistics},
  note         = {Cat. 8111.0},
}
